<?xml version="1.0" encoding="UTF-8"?><collection xmlns="http://www.loc.gov/MARC21/slim"><record><leader>00448nam--2200133-i-4500</leader><controlfield tag="001">000011901</controlfield><controlfield tag="002">20161230</controlfield><controlfield tag="005">20161230201029</controlfield><controlfield tag="008">060222s1000------------r-----000-0-eng-d</controlfield><datafield ind1=" " ind2=" " tag="100"><subfield code="a">Clement-gilbert, Nicolae</subfield></datafield><datafield ind1=" " ind2=" " tag="245"><subfield code="a">Energies de defaut d empilement et mecanismes de deformation des alliages nicke chrome cubiq ues a faces centrees. these</subfield></datafield><datafield ind1=" " ind2=" " tag="260"><subfield code="a">Toulouse, L Universite Paul Sabatier, 1975</subfield></datafield><datafield ind1=" " ind2=" " tag="490"><subfield code="a">142 P</subfield></datafield><datafield ind1=" " ind2=" " tag="852"><subfield code="a">546.3.19:539.219.3(043)</subfield></datafield></record></collection>